@book{Flyweight,
	author = {Robert Nystrom},
	title = {Game Programming Patterns},
	note = {November 2, 2014}
}

@book{Loop,
	author = {Anni Rautakopra},
	title = {GAME DESIGN PATTERNS Utilizing Design Patterns in Game Programming},
	institution = {University of Tampere},
	note = {June, 2018},
}


@report{MultiClient,
	author = {Yunming Zhang},
	title = {Multithreaded server (Multiple Clients to a single server) programming in Java with Examples},
	howpublished = {\url{https://yunmingzhang.wordpress.com/2013/12/18/multithreaded-server-multiple-clients-to-a-single-server-programming-in-java/}},
	note = {December 18, 2013}
}

@report{Engines,
	title = {Top 5 Tools for Mobile Game Development},
	author = {New Generation Applications Pvt Ltd.},
	howpublished = {\url{https://www.newgenapps.com/blog/top-sdk-tools-for-mobile-game-development}},
	note = {October 25, 2017}
}

@report{Unity,
	title = {Unity User Manual},
	author = {Unity},
	howpublished = {\url{https://docs.unity3d.com/Manual/index.html}},
	note = {October 2, 2018}
}

@report{Maps,
	title = {Why would you use OpenStreetMap if there is Google Maps?},
	author = {Aleks Buczkowski},
	howpublished = {\url{http://geoawesomeness.com/why-would-you-use-openstreetmap-if-there-is-google-maps/}},
	note = {October 23, 2015}
}

@report{API,
	title = {API v0.6},
	author = {Open-Source},
	howpublished = {\url{https://wiki.openstreetmap.org/wiki/API_v0.6}},
	note = {August 1, 2018}
}

@report{github,
	title = {How to use the osmdroid library},
	author = {Open-Source},
	howpublished = {\url{https://github.com/osmdroid/osmdroid/wiki/How-to-use-the-osmdroid-library}},
	note = {May 18, 2018}
}

@report{server,
	title = {Best approach to designing multi-client applications},
	author = {Aaron McIver},
	howpublished = {\url{https://softwareengineering.stackexchange.com/questions/34577/best-approach-to-designing-multi-client-applications}},
	note = {January 7, 2011}
}
