@book{GPP,
	author = {Robert Nystrom},
	title = {Game Programming Patterns},
	note = {November 2, 2014}
}

@book{GA,
	author = {Jason Gregory},
	title = {Game Engine Architectures},
	note = {2009}
}

@book{GOF,
	author = {Erich Gamma, John Vlissides, Ralph Johnson, Richard Helm},
	title = {Design Patterns: Elements of Reusable Object-Oriented Software},
	note = {October 21, 1994}
}

@report{Unity,
	author = {Unity Technologies},
	title = {Unity Manual},
	howpublished = {\url{https://docs.unity3d.com/Manual/index.html/}},
	note = {February, 2018}
}

@report{Mono,
	author = {Mono},
	title = {About Mono},
	howpublished = {\url{https://www.mono-project.com/docs/about-mono/}},
	note = {2018}
}

@report{API,
	author = {Open-Source},
	title = {API v0.6},
	howpublished = {\url{https://wiki.openstreetmap.org/wiki/}},
	note = {August 1, 2018}
}

@report{Factory,
	author = {Ranjeet Patra},
	title = {Factory Method Design Pattern In C},
	howpublished = {\url{https://www.c-sharpcorner.com/article/factory-method-design-pattern-in-c-sharp/}},
	note = {September 5, 2018}
}

@report{Server,
	author = {Microsoft},
	title = {Microsoft Docs},
	howpublished = {\url{https://docs.microsoft.com/en-us/dotnet/framework/network-programming/}},
	note = {March 30, 2017}
}

@report{MRE,
	author = {Dot Net Pattern},
	title = {ManualResetEvent},
	howpublished = {\url{http://dotnetpattern.com/threading-manualresetevent}},
	note = {2018}
}

@report{Sloan,
	author = {Sloan Kelly},
	title = {GTA in Unity!? Use Real World Maps!},
	howpublished = {\url{https://www.youtube.com/watch?v=780Ia5e8LHQ}},
	note = {March 9, 2017}
}

@report{GPS,
	author = {N3K EN},
	title = {Unity Mobile GPS - Real World Location - Unity 3D [Tutorial]},
	howpublished = {\url{https://www.youtube.com/watch?v=g04jaC-Tpn0}},
	note = {February 12, 2017}
}