@book{GPP,
	author = {Robert Nystrom},
	title = {Game Programming Patterns},
	note = {November 2, 2014}
}

@book{GA,
	author = {Jason Gregory},
	title = {Game Engine Architectures},
	note = {2009}
}

@book{GOF,
	author = {Erich Gamma, John Vlissides, Ralph Johnson, Richard Helm},
	title = {Design Patterns: Elements of Reusable Object-Oriented Software},
	note = {October 21, 1994}
}

@book{TCP,
	author = {Neal Allen},
	title = {Network Maintenance and Troubleshooting Guide, Second Edition},
	note = {October 18, 2009}
}

@report{Unity,
	author = {Unity Technologies},
	title = {Unity Manual},
	howpublished = {\url{https://docs.unity3d.com/Manual/index.html/}},
	note = {February, 2018}
}

@report{Mono,
	author = {Mono},
	title = {About Mono},
	howpublished = {\url{https://www.mono-project.com/docs/about-mono/}},
	note = {2018}
}

@report{API,
	author = {Open-Source},
	title = {API v0.6},
	howpublished = {\url{https://wiki.openstreetmap.org/wiki/}},
	note = {August 1, 2018}
}

@report{Factory,
	author = {Ranjeet Patra},
	title = {Factory Method Design Pattern In C},
	howpublished = {\url{https://www.c-sharpcorner.com/article/factory-method-design-pattern-in-c-sharp/}},
	note = {September 5, 2018}
}

@report{Server,
	author = {Microsoft},
	title = {Microsoft Docs},
	howpublished = {\url{https://docs.microsoft.com/en-us/dotnet/framework/network-programming/}},
	note = {March 30, 2017}
}

@report{MRE,
	author = {Dot Net Pattern},
	title = {ManualResetEvent},
	howpublished = {\url{http://dotnetpattern.com/threading-manualresetevent}},
	note = {2018}
}

@report{Sloan,
	author = {Sloan Kelly},
	title = {GTA in Unity!? Use Real World Maps!},
	howpublished = {\url{https://www.youtube.com/watch?v=780Ia5e8LHQ}},
	note = {March 9, 2017}
}

@report{Kaymak,
	author = {Kevin Kaymak},
	title = {YouTube},
	howpublished = {\url{https://www.youtube.com/user/AndroidRetro/}},
	note = {2019}
}

@report{GPS,
	author = {N3K EN},
	title = {Unity Mobile GPS - Real World Location - Unity 3D [Tutorial]},
	howpublished = {\url{https://www.youtube.com/watch?v=g04jaC-Tpn0}},
	note = {February 12, 2017}
}

@report{Android,
	author = {Google},
	title = {Understand the Activity Lifecycle},
	howpublished = {\url{https://developer.android.com/guide/components/activities/activity-lifecycle}},
	note = {2019}
}

@report{Apple,
	author = {Apple},
	title = {The App Life Cycle},
	howpublished = {\url{https://developer.apple.com/library/archive/documentation/iPhone/Conceptual/iPhoneOSProgrammingGuide/TheAppLifeCycle/TheAppLifeCycle.html}},
	note = {March 27, 2017}
}

@report{UnityPlatforms,
	author = {Matheus Amazonas},
	title = {How does Unity export to so many platforms?},
	howpublished = {\url{https://sometimesicode.wordpress.com/2014/02/19/how-does-unity-export-to-so-many-platforms/}},
	note = {February 19, 2014}
}

@report{PGO,
	author = {Ajinkya},
	title = {How to play Pokemon GO without moving on Android 2019},
	howpublished = {\url{https://devsjournal.com/how-to-play-pokemon-go-without-moving-no-root-required.html}},
	note = {March 21, 2019}
}

@report{Tdd,
	author = {Sophia Clarke},
	title = {Testing Test-Driven Development with the Unity Test Runner},
	howpublished = {\url{https://blogs.unity3d.com/2018/11/02/testing-test-driven-development-with-the-unity-test-runner/}},
	note = {November 2, 2018}
}

@report{Brackeys,
	author = {Asbj√∏rn Thirslund},
	title = {Survival Game Assets},
	howpublished = {\url{http://devassets.com/assets/survival-game-assets/}},
	note = {2019}
}